% !TeX spellcheck = ru_RU

% В ссылках символ '#' должен быть экранирован - '\#'

% Книги
@book{book:linux-kernel-development,
  author     = {Р. Лав},
  title      = {Разработка ядра Linux, 2-е издание},
  address    = {Москва},
  publisher  = {Издательский дом «Вильяме»},
  year       = {2006},
  numpages   = {448},
  language   = {russian},
}

@book{mastering-linux-kernel-dev,
 author      = {Raghu, Bharadwaj},
 title       = {Mastering Linux Kernel Development},
 address     = {Birmingham},
 publisher   = {Packt Publishing},
 year        = {2017},
 isbn        = {9781785883057},
 language   = {russian},
}

% Научные работы
@book{acm-vee-article,
  author       = {T. Saeki and Y. Nishiwaki and T. Shinagawa and S. Honiden},
  title        = {A Robust and Flexible Operating System Compatibility Architecture},
  year         = {2020},
  language     = {russian},
}

@book{lkl-article,
  author       = "O. Purdila and L.A. Grijincu and N. Tapus",
  title        = "LKL: The Linux kernel library",
  year         = {2010},
  language     = {russian},
}

@book{sgx-lkl,
  author       = "C. Priebe and D. Muthukumaran and J. Lind and H. Zhu and S. Cui and V.A. Sartakov and P. Pietzuch",
  title        = "SGX-LKL: Securing the Host OS Interface for Trusted Execution",
  year         = {2019},
  language     = {russian},
}

@online{lkl-in-embox-slides,
  author       = "А. Остроухов",
  title        = "Разработка слоя совместимости с Linux приложениями в ОС Embox [Электронный ресурс]: презентация",
  year         = {2019},
  url          = {https://se.math.spbu.ru/thesis/slides/Ostrouhov_Anton_Bachelor_Report_2019_slides.pdf},
  urldate      = "16.05.2022",
  language     = {russian},
}

% Электронные ресурсы (GitHub)
@online{pull-request,
  author       = "А. Остроухов",
  title        = "Запрос на привнесение изменений <<LKL as a Linux subsystem in Embox>> в embox/embox [Электронный ресурс]",
  url          = {https://github.com/embox/embox/pull/2561},
  urldate      = "16.05.2022",
  language     = {russian},
}

@online{lkl-tls-enhancement,
  author       = "А. Остроухов",
  title        = "Набор изменений в исходный код библиотеки Linux Kernel Library, расширяющих работу с TLS [Электронный ресурс]",
  url          = {https://raw.githubusercontent.com/embox/embox/714b54f388bc5a69d58e1c8171a41ddfce0722ea/third-party/lkl/lkl-tls-enhancement.patch},
  urldate      = "16.05.2022",
  language     = {russian},
}

@online{lkl-in-embox-patch,
  author       = "А. Остроухов",
  title        = "Набор изменений <<Integrate LKL>> в исходный код ОС Embox [Электронный ресурс]",
  url          = {https://github.com/embox/embox/commit/4535b486fbc2b2554509e9aad1779d90ae4c3f3f},
  urldate      = "16.05.2022",
  language     = {russian},
}

@online{embox,
  title        = "Хранилище исходного кода embox/embox [Электронный ресурс]",
  url          = {https://github.com/embox/embox},
  urldate      = "16.05.2022",
  language     = {russian},
}

@online{noah,
  title        = "Хранилище исходного кода linux-noah/noah [Электронный ресурс]",
  url          = {https://github.com/linux-noah/noah},
  urldate      = "16.05.2022",
  language     = {russian},
}

@online{noah-windows,
  title        = "Хранилище исходного кода linux-noah/noah\_windows [Электронный ресурс]",
  url          = {https://github.com/linux-noah/noah_windows},
  urldate      = "16.05.2022",
  language     = {russian},
}

@online{lkl,
  title        = "Хранилище исходного кода lkl/linux [Электронный ресурс]",
  url          = {https://github.com/lkl/linux},
  urldate      = "16.05.2022",
  language     = {russian},
}

% Электронные ресурсы (документация, статьи)
@online{linux-gitstats,
  author      = {Michael, Larabel},
  title        = {The Linux Kernel Enters 2020 At 27.8 Million Lines In Git But With Less Developers For 2019 [Электронный ресурс]: статья},
  url          = {https://www.phoronix.com/scan.php?page=news_item&px=Linux-Git-Stats-EOY2019},
  urldate      = "16.05.2022",
  language     = {russian},
}

@online{distrowatch,
  title        = {DistroWatch.com [Электронный ресурс]: база дистрибутивов GNU/Linux},
  url          = {https://distrowatch.com/search.php?ostype=Linux&category=All&status=Active\#simple},
  urldate      = "16.05.2022",
  language     = {russian},
}

@online{glibc-man,
  title        = "POSIX (The GNU C Library) [Электронный ресурс]: справочное руководство",
  url          = {https://www.gnu.org/software/libc/manual/html_node/POSIX.html},
  urldate      = "16.05.2022",
  language     = {russian},
}

@online{freebsd-docs-chapter11,
  title        = "Глава 11. Двоичная совместимость с Linux | FreeBSD Documentation Portal [Электронный ресурс]: справочное руководство",
  url          = {https://docs.freebsd.org/ru/books/handbook/linuxemu/},
  urldate      = "16.05.2022",
  language     = {russian},
}

@online{freebsd-article-linux-emu,
  title        = "Linux\textsuperscript{\textregistered} emulation in FreeBSD [Электронный ресурс]: справочное руководство",
  url          = {https://docs.freebsd.org/en/articles/linux-emulation/},
  urldate      = "16.05.2022",
  language     = {russian},
}

@online{l4linux,
  author       = "TU, Dresden Operating Systems Group",
  title        = "L4Linux. Overview [Электронный ресурс]",
  url          = {https://l4linux.org/overview.shtml},
  urldate      = "16.05.2022",
  language     = {russian},
}

@online{wsl-faq,
  title        = "FAQ's about Windows Subsystem for Linux [Электронный ресурс]: справочное руководство",
  url          = {https://docs.microsoft.com/en-us/windows/wsl/faq},
  urldate      = "16.05.2022",
  language     = {russian},
}

@online{wsl-overview,
  author       = "Deepu, Thomas",
  title        = "Windows Subsystem for Linux Overview [Электронный ресурс]: статья",
  url          = {https://docs.microsoft.com/en-gb/archive/blogs/wsl/windows-subsystem-for-linux-overview},
  urldate      = "16.05.2022",
  language     = {russian},
}

@online{wsl-2-announce,
  author       = "Craig, Loewen",
  title        = "Announcing WSL 2 [Электронный ресурс]: статья",
  url          = {https://devblogs.microsoft.com/commandline/announcing-wsl-2/},
  urldate      = "16.05.2022",
  language     = {russian},
}

@online{wsl-2-linux-files,
  author       = "Craig, Loewen",
  title        = "A Deep Dive Into How WSL Allows Windows to Access Linux Files [Электронный ресурс]: статья",
  url          = {https://devblogs.microsoft.com/commandline/a-deep-dive-into-how-wsl/},
  urldate      = "16.05.2022",
  language     = {russian},
}

@online{l4re,
  title        = "L4Re - Overview [Электронный ресурс]",
  url          = {https://l4re.org/overview.html},
  urldate      = "16.05.2022",
  language     = {russian},
}

@online{sgx-threading,
  title        = "Файл <<docs/Architecture.md>> хранилища исходного кода lsds/sgx-lkl [Электронный ресурс]",
  url          = {https://github.com/lsds/sgx-lkl/blob/1ef511ce4e63aadf4672e679b8ae429158ec35c5/docs/Architecture.md\#cooperative-threading-library},
  urldate      = "16.05.2022",
  language     = {russian},
}

@online{glibc,
  title        = "Frequently Asked Questions about the GNU C Library [Электронный ресурс]: справочное руководство",
  url          = {https://sourceware.org/glibc/wiki/FAQ\#Even_statically_linked_programs_need_some_shared_libraries_which_is_not_acceptable_for_me.__What_can_I_do.3F},
  urldate      = "16.05.2022",
  language     = {russian},
}

@online{uclibc,
  title        = "A C library for embedded Linux [Электронный ресурс]",
  url          = {https://uclibc.org/about.html},
  urldate      = "16.05.2022",
  language     = {russian},
}
